% Encoding: UTF-8
@online{bratkova2008metody,
  editor     = {Bratková, Eva},
  editortype = {compiler},
  title      = {Metody citování literatury a strukturování bibliografických záznamů podle mezinárodních norem ISO 690 a ISO 690-2},
  subtitle   = {metodický materiál pro autory vysokoškolských kvalifikačních prací},
  edition    = {Verze 2.0, aktualiz. a rozšíř.},
  location   = {Praha},
  publisher  = {Odborná komise pro otázky elektronického zpřístupňování vysokoškolských kvalifikačních prací, Asociace knihoven vysokých škol ČR},
  date       = {2008-12-22},
  pagetotal  = {60},
  url        = {http://www.evskp.cz/SD/4c.pdf},
  urldate    = {2011-02-02},
  langid     = {czech},
}

@book{borgman2003from,
  author    = {Borgman, Christine L.},
  title     = {From {Gutenberg} to the Global Information Infrastructure},
  subtitle  = {Access to Information in the Networked World},
  location  = {Cambridge (Mass.)},
  publisher = {The MIT Press},
  date      = {2003},
  pagetotal = {xviii, 324},
  isbn      = {0-262-52345-0},
  langid    = {english},
}

@incollection{greenberg1998camel,
  author       = {Greenberg, Douglas},
  title        = {Camel Drivers and Gatecrashers},
  subtitle     = {Quality Control in the Digital Research Library},
  editor       = {Hawkins, Brian L. and Battin, Patricia},
  booktitle    = {The Mirage of Continuity},
  booksubtitle = {Reconfiguring Academic Information Resources for the 21st Century},
  date         = {1998},
  location     = {Washington (D.C.)},
  publisher    = {Council on Library and Information Resources; Association of American Universities},
  isbn         = {1-887334-59-9},
  pages        = {105--116},
  langid       = {english},
}

@article{lynch2005where,
  author       = {Lynch, Clifford},
  title        = {Where Do We Go From Here?},
  subtitle     = {The Next Decade for Digital Libraries},
  journaltitle = {D-Lib Magazine},
  date         = {2005},
  volume       = {11},
  number       = {7/8},
  issn         = {1082-9873},
  doi          = {10.1045/july2005-lynch},
  url          = {http://www.dlib.org/dlib/july05/lynch/07lynch.html},
  urldate      = {2005-08-15},
  langid       = {english},
}

% Made-up bib entry
@article{cr,
  author       = {{Národní knihovna}},
  title        = {A big paper},
  journaltitle = {The journal of big papers},
  date         = {1991},
  volume       = {12},
  number       = {3},
  issn         = {0000-0000},
  langid       = {english},
}
